<record><leader>00000cas a2200000 a 4500</leader><controlfield tag="001">26238177</controlfield><controlfield tag="008">920722c19uu9999mnuwr ne      0   a0eng c</controlfield><datafield ind1=" " ind2=" " tag="010"><subfield code="a">  2001215064</subfield></datafield><datafield ind1=" " ind2=" " tag="040"><subfield code="a">WIH</subfield><subfield code="b">eng</subfield><subfield code="c">WIH</subfield><subfield code="d">OCL</subfield><subfield code="d">NSD</subfield><subfield code="d">OCLCQ</subfield><subfield code="d">OCLCO</subfield></datafield><datafield ind1=" " ind2=" " tag="012"><subfield code="l">1</subfield></datafield><datafield ind1="1" ind2=" " tag="022"><subfield code="a">1535-4679</subfield><subfield code="l">1535-4679</subfield><subfield code="2">1</subfield></datafield><datafield ind1="1" ind2=" " tag="029"><subfield code="a">AU@</subfield><subfield code="b">000022755455</subfield></datafield><datafield ind1=" " ind2=" " tag="037"><subfield code="b">Insight News, Inc., P.O. Box 581367, Minneapolis, MN 55458-1367</subfield></datafield><datafield ind1=" " ind2=" " tag="042"><subfield code="a">nsdp</subfield><subfield code="a">pcc</subfield></datafield><datafield ind1=" " ind2=" " tag="043"><subfield code="a">n-us-mn</subfield></datafield><datafield ind1="0" ind2=" " tag="130"><subfield code="a">Insight (Minnesota edition)</subfield></datafield><datafield ind1=" " ind2="0" tag="222"><subfield code="a">Insight</subfield><subfield code="b">(Minneapolis ed.)</subfield></datafield><datafield ind1="1" ind2="0" tag="245"><subfield code="a">Insight.</subfield></datafield><datafield ind1="1" ind2="7" tag="246"><subfield code="a">Insight news</subfield></datafield><datafield ind1=" " ind2=" " tag="260"><subfield code="a">St. Paul, Minn. :</subfield><subfield code="b">Insight News</subfield></datafield><datafield ind1=" " ind2=" " tag="300"><subfield code="a">v. :</subfield><subfield code="b">ill. ;</subfield><subfield code="c">58 cm.</subfield></datafield><datafield ind1=" " ind2=" " tag="310"><subfield code="a">Weekly</subfield></datafield><datafield ind1=" " ind2=" " tag="500"><subfield code="a">"The journal for business &amp; the arts."</subfield></datafield><datafield ind1=" " ind2=" " tag="500"><subfield code="a">Published at, &lt;, 1996-&gt;: Minneapolis.</subfield></datafield><datafield ind1=" " ind2=" " tag="515"><subfield code="a">Called, Mar. 29, 1993: Metro West ed.; &lt;, 1996-&gt;: Minnesota ed.</subfield></datafield><datafield ind1=" " ind2=" " tag="530"><subfield code="a">Available on microfilm from the State Historical Society of Wisconsin.</subfield></datafield><datafield ind1=" " ind2=" " tag="580"><subfield code="a">Same as regular ed., except for advertising page.</subfield></datafield><datafield ind1=" " ind2=" " tag="580"><subfield code="a">Has other editions: St. Paul ed. and Greater Southside ed.</subfield></datafield><datafield ind1=" " ind2=" " tag="588"><subfield code="a">Description based on: Vol. 21, no. 20 (May 18, 1992); title from caption.</subfield></datafield><datafield ind1=" " ind2=" " tag="588"><subfield code="a">Latest issue consulted: Vol. 25, no. 31 (July 31, 2000).</subfield></datafield><datafield ind1=" " ind2="0" tag="650"><subfield code="a">African Americans</subfield><subfield code="z">Minnesota</subfield><subfield code="z">Minnesota</subfield><subfield code="v">Newspapers.</subfield></datafield><datafield ind1="2" ind2=" " tag="710"><subfield code="a">Insight News, Inc.</subfield></datafield><datafield ind1=" " ind2=" " tag="752"><subfield code="a">United States</subfield><subfield code="b">Minnesota</subfield><subfield code="c">Ramsey</subfield><subfield code="d">Saint Paul.</subfield></datafield><datafield ind1="1" ind2=" " tag="775"><subfield code="t">Insight (Regular edition)</subfield><subfield code="w">(OCoLC)2254217</subfield></datafield><datafield ind1="1" ind2=" " tag="775"><subfield code="t">Insight (Saint Paul edition)</subfield><subfield code="w">(OCoLC)26238267</subfield></datafield><datafield ind1="1" ind2=" " tag="775"><subfield code="t">Insight (Southside edition)</subfield><subfield code="w">(OCoLC)29579855</subfield></datafield></record>